@article{DBLP,
  author    = {Robin Manhaeve and Sebastijan Dumancic and Angelika Kimmig and Thomas Demeester and Luc De Raedt},
  title     = {DeepProbLog: Neural Probabilistic Logic Programming},
  journal   = {CoRR},
  volume    = {abs/1805.10872},
  year      = {2018},
  url       = {http://arxiv.org/abs/1805.10872},
  archivePrefix = {arXiv},
  eprint    = {1805.10872},
  timestamp = {Mon, 13 Aug 2018 16:46:18 +0200},
  biburl    = {https://dblp.org/rec/journals/corr/abs-1805-10872.bib},
  bibsource = {dblp computer science bibliography, https://dblp.org}
}

@article{kingma2014adam,
  title={Adam: A method for stochastic optimization},
  author={Kingma, Diederik P and Ba, Jimmy},
  journal={arXiv preprint arXiv:1412.6980},
  year={2014}
}

@article{Ismail_Ahmad_Che, 
  title={Improving Convolutional Neural Network (CNN) architecture (miniVGGNet) with Batch Normalization and Learning Rate Decay Factor for Image Classification}, 
  volume={11}, 
  url={https://publisher.uthm.edu.my/ojs/index.php/ijie/article/view/4558}, 
  number={4}, 
  journal={International Journal of Integrated Engineering}, 
  author={Ismail, Asmida and Ahmad, Siti Anom and Che Soh, Azura and Hassan, Khair and Harith, Hazreen Haizi},
  year={2019}, 
  month={Sep.}
}

@misc{RPSLS-database,
  author = {Akshay Bahadur},
  title = {Rock - Paper - Scissors - Lizard - Spock},
  year = {2019},
  publisher = {GitHub},
  journal = {GitHub repository},
  url={akshaybahadur.com/post/rock-paper-scissors-lizard-spock} 
}

@article{lr-decay,
author = {Ismail, Asmida and Ahmad, Siti and che soh, Azura and Hassan, Mohd Khair and Harith, Hazreen},
year = {2019},
month = {09},
pages = {},
title = {Improving Convolutional Neural Network (CNN) Architecture (miniVGGNet) with Batch Normalization and Learning Rate Decay Factor for Image Classification},
volume = {11},
journal = {International Journal of Integrated Engineering},
doi = {10.30880/ijie.2019.11.04.006}
}

@article{increase-batch,
  author    = {Samuel L. Smith and
               Pieter{-}Jan Kindermans and
               Quoc V. Le},
  title     = {Don't Decay the Learning Rate, Increase the Batch Size},
  journal   = {CoRR},
  volume    = {abs/1711.00489},
  year      = {2017},
  url       = {http://arxiv.org/abs/1711.00489},
  archivePrefix = {arXiv},
  eprint    = {1711.00489},
  timestamp = {Mon, 13 Aug 2018 16:46:33 +0200},
  biburl    = {https://dblp.org/rec/journals/corr/abs-1711-00489.bib},
  bibsource = {dblp computer science bibliography, https://dblp.org}
}